<record><leader>00000cas a22000007a 4500</leader><controlfield tag="001">11838754</controlfield><controlfield tag="008">850322d18521853ohuwr ne      0    0eng d</controlfield><datafield ind1=" " ind2=" " tag="010"><subfield code="a">sn 85038157 </subfield></datafield><datafield ind1=" " ind2=" " tag="040"><subfield code="a">NPY</subfield><subfield code="b">eng</subfield><subfield code="c">NPY</subfield><subfield code="d">NPX</subfield><subfield code="d">DLC</subfield><subfield code="d">ONP</subfield><subfield code="d">DLC</subfield></datafield><datafield ind1=" " ind2=" " tag="042"><subfield code="a">msc</subfield></datafield><datafield ind1="0" ind2="4" tag="245"><subfield code="a">The Weekly Highland news.</subfield></datafield><datafield ind1=" " ind2=" " tag="260"><subfield code="a">Hillsborough [Hillsboro], Ohio :</subfield><subfield code="b">Boardman &amp; Hanna,</subfield><subfield code="c">1852-1853.</subfield></datafield><datafield ind1=" " ind2=" " tag="300"><subfield code="a">1 v. ;</subfield><subfield code="c">63-68 cm.</subfield></datafield><datafield ind1=" " ind2=" " tag="310"><subfield code="a">Weekly</subfield></datafield><datafield ind1="0" ind2=" " tag="362"><subfield code="a">Vol. 16, no. 1 (May 14, 1852)-v. 16, no. 40 (Feb. 11, 1853).</subfield></datafield><datafield ind1=" " ind2=" " tag="500"><subfield code="a">Editor: J.L. Boardman.</subfield></datafield><datafield ind1=" " ind2=" " tag="500"><subfield code="a">"Whig." Cf. Gutgesell, S.  Guide to Ohio newspapers, 1974.</subfield></datafield><datafield ind1="1" ind2=" " tag="700"><subfield code="a">Boardman, Joseph L.</subfield></datafield><datafield ind1=" " ind2=" " tag="752"><subfield code="a">United States</subfield><subfield code="b">Ohio</subfield><subfield code="c">Highland</subfield><subfield code="d">Hillsboro.</subfield></datafield><datafield ind1=" " ind2=" " tag="752"><subfield code="a">United States</subfield><subfield code="b">Ohio</subfield><subfield code="c">Highland</subfield><subfield code="d">Hillsborough.</subfield></datafield><datafield ind1="0" ind2="0" tag="780"><subfield code="t">Highland news (Hillsborough, Ohio : 1847)</subfield><subfield code="w">(DLC)sn 85038156</subfield></datafield><datafield ind1="0" ind2="0" tag="785"><subfield code="t">Highland weekly news (Hillsboro, Ohio : 1853)</subfield><subfield code="x">2333-0163</subfield><subfield code="w">(DLC)sn 85038158</subfield><subfield code="w">(OCoLC)11838779</subfield></datafield><datafield ind1="1" ind2=" " tag="029"><subfield code="a">AU@</subfield><subfield code="b">000025790870</subfield></datafield></record>